@article {Yamada1981successive,
    AUTHOR = {Yamada, Toshio},
     TITLE = {On the successive approximation of solutions of stochastic
              differential equations},
   JOURNAL = {J. Math. Kyoto Univ.},
  FJOURNAL = {Journal of Mathematics of Kyoto University},
    VOLUME = {21},
      YEAR = {1981},
    NUMBER = {3},
     PAGES = {501--515},
      ISSN = {0023-608X},
   MRCLASS = {60H10},
  MRNUMBER = {629781},
MRREVIEWER = {Eckhard Platen},
       DOI = {10.1215/kjm/1250521975},
       URL = {https://doi.org/10.1215/kjm/1250521975},
}

@book {BahouriCheminDanchin2011Fourier,
    AUTHOR = {Bahouri, Hajer and Chemin, Jean-Yves and Danchin, Rapha\"{e}l},
     TITLE = {Fourier analysis and nonlinear partial differential equations},
    SERIES = {Grundlehren der mathematischen Wissenschaften [Fundamental
              Principles of Mathematical Sciences]},
    VOLUME = {343},
 PUBLISHER = {Springer, Heidelberg},
      YEAR = {2011},
     PAGES = {xvi+523},
      ISBN = {978-3-642-16829-1},
   MRCLASS = {35-02 (35L72 35Q30 42-02 42B37 76B03 76D03 76N10)},
  MRNUMBER = {2768550},
MRREVIEWER = {Peter R. Massopust},
       DOI = {10.1007/978-3-642-16830-7},
       URL = {https://doi.org/10.1007/978-3-642-16830-7},
}

@article {PisierXu1997Noncommutative,
    AUTHOR = {Pisier, Gilles and Xu, Quanhua},
     TITLE = {Non-commutative martingale inequalities},
   JOURNAL = {Comm. Math. Phys.},
  FJOURNAL = {Communications in Mathematical Physics},
    VOLUME = {189},
      YEAR = {1997},
    NUMBER = {3},
     PAGES = {667--698},
      ISSN = {0010-3616},
   MRCLASS = {46L50 (60G42 60H05 81S25)},
  MRNUMBER = {1482934},
MRREVIEWER = {Franco Fagnola},
       DOI = {10.1007/s002200050224},
       URL = {https://doi.org/10.1007/s002200050224},
}

@article {Dirksen2010Noncommutative,
    AUTHOR = {Dirksen, Sjoerd},
     TITLE = {Noncommutative stochastic integration through decoupling},
   JOURNAL = {J. Math. Anal. Appl.},
  FJOURNAL = {Journal of Mathematical Analysis and Applications},
    VOLUME = {370},
      YEAR = {2010},
    NUMBER = {1},
     PAGES = {200--223},
      ISSN = {0022-247X},
   MRCLASS = {81S25 (28E99 60H05)},
  MRNUMBER = {2651140},
MRREVIEWER = {Catherine Donati-Martin},
       DOI = {10.1016/j.jmaa.2010.04.062},
       URL = {https://doi.org/10.1016/j.jmaa.2010.04.062},
}


